@Book{plonsey07,
   author    = {Plonsey, Robert and Barr, Roger C.},
   title     = {Bioelectricity},
   subtitle  = {A Quantitative Approach},
   edition   = {Third Edition},
   publisher = {Springer},
   year      = {2007}
}

@Article{farina99,
  author = 	 {Farina, Dario and Rainoldi, Alberto},
  title = 	 {Compensation of the effect of sub-cutaneous tissue layers on surface {EMG}: a simulation study},
  journal = 	 {Medical Engineering \& Physics},
  year = 	 {1999},
  OPTvolume = 	 {21},
  OPTpages = 	 {487--496},
}

@InCollection{rodriguez-falces12,
  author = 	 {Rodriguez-Falces, Javier and Navallas, Javier and Malanda, Armando},
  title = 	 {{EMG} Modeling},
  booktitle = 	 {Computational Intelligence in Electromyography Analysis - {A} Perspective on Current Applications and Future Challenges},
  publisher = {{InTech}},
  year = 	 2012,
  editor = 	 {Naik, Ganesh R.},
  month = 	 oct}


@phdthesis{fevotte03,
  author = 	 {Févotte, Cédric},
  title = 	 {Approche temps-fréquence pour la séparation aveugle de sources non-stationnaires},
  year = 	 2003,
  school =       {École Centrale de Nantes et Université de Nantes}
}

@Manual{r-project,
  title = {R: {A} Language and Environment for Statistical Computing},
  author = {{R Core Team}},
  organization = {R Foundation for Statistical Computing},
  address = {Vienna, Austria},
  year = 2014,
  url = {http://www.R-project.org/},
}

@Book{merletti04,
  editor = 	 {Merletti, Roberto and Parker, Philip A.},
  title = 	 {Electromyography},
  subtitle =     {Physiology, Engineering, and noninvasive Applications},
  publisher = 	 {John Wiley \& Sons, Inc.},
  year = 	 {2004},
  OPTseries = 	 {Biomedical Engineering, IEEE Press Series in},
  OPTaddress = 	 {Hoboken, New Jersey},
}

@Article{rosenfalck69,
  author = 	 {Rosenfalck, P.},
  title = 	 {Intra and extracellular fields of active nerve and muscle fibers. A physico-mathematical analysis of different models},
  journal = 	 {Acta Physiologica Scandinavica},
  year = 	 {1969},
  OPTvolume = 	 {321},
  OPTpages = 	 {1 -- 49},
}